% This file was created with JabRef 2.10b2.
% Encoding: UTF-8


@Article{trap,
  Title                    = {SHARP ERROR BOUNDS FOR THE TRAPEZOIDAL RULE AND SIMPSONâ€™S RULE},
  Author                   = {D., CRUZ-URIBE and C.J., NEUGEBAUER},
  Journal                  = {Journal of Inequalities in Pure and Applied Mathematics,},
  Year                     = {2002},
  Volume                   = {Volume 3, Issue 4, Article 49},

  Owner                    = {sindreka},
  Timestamp                = {2015.09.09}
}

@Article{elena,
  Title                    = {A Krylov projection method for system of ODEs},
  Author                   = {E., Celledoni and I., Moret},
  Journal                  = {Applied Numerical Mathematics 23 (1997) 365-378},
  Year                     = {1997},

  Owner                    = {sindreka},
  Timestamp                = {2015.09.03},
  Url                      = {http://www.sciencedirect.com/science/article/pii/S0168927497000330}
}

@Article{elenaconv,
  Title                    = {A Krylov projection method for system of ODEs},
  Author                   = {E., Celledoni and I., Moret},
  Journal                  = {Applied Numerical Mathematics 23 (1997) 365-378},
  Year                     = {1997},
  Pages                    = {372},

  Owner                    = {sindreka},
  Timestamp                = {2015.09.03},
  Url                      = {http://www.sciencedirect.com/science/article/pii/S0168927497000330}
}

@Article{complex,
  Title                    = {Group-theoretic Algorithms for Matrix Multiplication},
  Author                   = {Henry, Cohn and Robert, Kleinberg and Bal azs, Szegedy and Christopher, Umans},
  Journal                  = {Proceedings of the 46th Annual Symposium on Foundations of Computer Science, 23-25 October 2005, Pittsburgh, PA, IEEE Computer Society, pp. 379-388},
  Year                     = {2005},

  Owner                    = {sindreka},
  Timestamp                = {2015.09.03}
}

@Article{fivepoint,
  Title                    = {Handbook of Mathematical Functions},
  Author                   = {Milton, Abramowitz and Irene A.,Stegun},
  Year                     = {1972},

  Month                    = {December},
  Note                     = {with corrections},
  Volume                   = {Tenth Printing},

  Owner                    = {sindreka},
  Timestamp                = {2015.09.09}
}

@InBook{arnold,
  Title                    = {Iterative Methods for Sparse Linear Systems},
  Author                   = {Yousef, Saad},
  Chapter                  = {6.3.1},
  Pages                    = {154},
  Publisher                = {Siam},
  Year                     = {2003},
  Note                     = {Algorithm 6.1},
  Volume                   = {SECOND EDITION},

  Owner                    = {sindreka},
  Timestamp                = {2015.09.13}
}

@InBook{krycomplex,
  Title                    = {Iterative Methods for Sparse Linear Systems},
  Author                   = {Yousef, Saad},
  Chapter                  = {6.4.1},
  Pages                    = {160-161},
  Publisher                = {Siam},
  Year                     = {2003},
  Volume                   = {SECOND EDITION},

  Owner                    = {sindreka},
  Timestamp                = {2015.09.13}
}

@InBook{kryprop,
  Title                    = {Iterative Methods for Sparse Linear Systems},
  Author                   = {Yousef, Saad},
  Chapter                  = {6.3.1},
  Pages                    = {154-155},
  Publisher                = {Siam},
  Year                     = {2003},
  Note                     = {Proposition 6.5},
  Volume                   = {SECOND EDITION},

  Owner                    = {sindreka},
  Timestamp                = {2015.09.13}
}

@Book{saad,
  Title                    = {Iterative Methods for Sparse Linear Systems},
  Author                   = {Yousef, Saad},
  Publisher                = {Siam},
  Year                     = {2003},
  Volume                   = {SECOND EDITION}
}

@Electronic{parfor,
  Title                    = {http://se.mathworks.com/help/matlab/ref/parfor.html},
  Month                    = {September},
  Organization             = {MATLAB},
  Url                      = {http://se.mathworks.com/help/matlab/ref/parfor.html},
  Year                     = {2015},

  Key                      = {parfor},
  Owner                    = {sindreka},
  Timestamp                = {2015.09.03}
}

@Electronic{parpool,
  Title                    = {http://se.mathworks.com/help/distcomp/parpool.html},
  Month                    = {September},
  Organization             = {MATLAB},
  Url                      = {http://se.mathworks.com/help/distcomp/parpool.html},
  Year                     = {2015},

  Key                      = {parpool},
  Owner                    = {sindreka},
  Timestamp                = {2015.09.03}
}

